<?xml version="1.0"?>
<collection>
  <record>
    <controlfield tag="008"> eng </controlfield>
    <controlfield tag="001">990030187270302486</controlfield>
    <datafield tag="245" ind1="0" ind2="0">
      <subfield code="a">Emocad.</subfield>
    </datafield>
    <datafield tag="264" ind1=" " ind2="1">
      <subfield code="a">Oxford, Georgia :</subfield>
      <subfield code="b">
  Published by the Students of Emory University Academy
  </subfield>
    </datafield>
    <datafield tag="300" ind1=" " ind2=" ">
      <subfield code="a">volumes :</subfield>
      <subfield code="b">illustrations ;</subfield>
      <subfield code="c">28 cm</subfield>
    </datafield>
    <datafield tag="583" ind1="1" ind2=" ">
      <subfield code="c">20170131</subfield>
    </datafield>
    <datafield tag="590" ind1=" " ind2=" ">
      <subfield code="a">
  The online edition of this book in the public domain, i.e., not protected by copyright, has been produced by the Emory University Digital library Publications Program
  </subfield>
    </datafield>
    <datafield tag="500" ind1=" " ind2=" ">
      <subfield code="a">
  "Emory University Academy ... was established in fall 1915"--In Senior class history, pg. [16], 1919.
  </subfield>
    </datafield>
    <datafield tag="610" ind1="2" ind2="0">
      <subfield code="a">Emory University Academy (Oxford, Ga.)</subfield>
    </datafield>
    <datafield tag="650" ind1=" " ind2="0">
      <subfield code="a">College yearbooks</subfield>
      <subfield code="z">Georgia</subfield>
      <subfield code="z">Oxford.</subfield>
    </datafield>
    <datafield tag="710" ind1="2" ind2=" ">
      <subfield code="a">Emory University Archives.</subfield>
    </datafield>
    <datafield tag="710" ind1="2" ind2=" ">
      <subfield code="a">Emory University Academy (Oxford, Ga.)</subfield>
    </datafield>
    <datafield tag="856" ind1="4" ind2="1">
      <subfield code="3">1921</subfield>
      <subfield code="u">http://pid.emory.edu/ark:/25593/rwtxr/HT</subfield>
    </datafield>
    <datafield tag="856" ind1="4" ind2="1">
      <subfield code="3">1919</subfield>
      <subfield code="u">http://pid.emory.edu/ark:/25593/rwvwq/HT</subfield>
    </datafield>
    <datafield tag="856" ind1="4" ind2="1">
      <subfield code="3">1920</subfield>
      <subfield code="u">http://pid.emory.edu/ark:/25593/rwvxv/HT</subfield>
    </datafield>
  </record>