
  <record>
    <controlfield tag="008"> eng </controlfield>
    <controlfield tag="001">990030163530302486</controlfield>
    <datafield tag="110" ind1="2" ind2=" ">
      <subfield code="a">Emory Junior College and Academy.</subfield>
    </datafield>
    <datafield tag="245" ind1="1" ind2="0">
      <subfield code="a">Memory /</subfield>
      <subfield code="c">Emory Junior College and Academy.</subfield>
    </datafield>
    <datafield tag="264" ind1=" " ind2="1">
      <subfield code="a">Oxford :</subfield>
      <subfield code="b">
  Published by the students of Emory Junior College and Academy
  </subfield>
    </datafield>
    <datafield tag="300" ind1=" " ind2=" ">
      <subfield code="a">volumes :</subfield>
      <subfield code="b">illustrations (some color) ;</subfield>
      <subfield code="c">28 cm</subfield>
    </datafield>
    <datafield tag="583" ind1="1" ind2=" ">
      <subfield code="c">20140801</subfield>
    </datafield>
    <datafield tag="500" ind1=" " ind2=" ">
      <subfield code="a">Description based on: 1932.</subfield>
    </datafield>
    <datafield tag="500" ind1=" " ind2=" ">
      <subfield code="a">Latest issue consulted: 1987.</subfield>
    </datafield>
    <datafield tag="610" ind1="2" ind2="0">
      <subfield code="a">Emory Junior College (Oxford, Ga.)</subfield>
    </datafield>
    <datafield tag="610" ind1="2" ind2="0">
      <subfield code="a">Emory University Academy (Oxford, Ga.)</subfield>
    </datafield>
    <datafield tag="610" ind1="2" ind2="0">
      <subfield code="a">Emory at Oxford</subfield>
    </datafield>
    <datafield tag="650" ind1=" " ind2="0">
      <subfield code="a">College yearbooks</subfield>
      <subfield code="z">Georgia</subfield>
      <subfield code="z">Oxford.</subfield>
    </datafield>
    <datafield tag="710" ind1="2" ind2=" ">
      <subfield code="a">Emory Junior College (Oxford, Ga.)</subfield>
    </datafield>
    <datafield tag="710" ind1="2" ind2=" ">
      <subfield code="a">Emory University Academy (Oxford, Ga.)</subfield>
    </datafield>
    <datafield tag="710" ind1="2" ind2=" ">
      <subfield code="a">Emory at Oxford.</subfield>
    </datafield>
    <datafield tag="710" ind1="2" ind2=" ">
      <subfield code="a">Emory University Archives.</subfield>
    </datafield>
    <datafield tag="856" ind1="4" ind2="1">
      <subfield code="u">http://pid.emory.edu/ark:/25593/gsw5f</subfield>
    </datafield>
  </record>