
  <record>
    <controlfield tag="008"> eng</controlfield>
    <controlfield tag="001">990027977720302486</controlfield>
    <datafield tag="245" ind1="1" ind2="4">
      <subfield code="a">The campus.</subfield>
    </datafield>
    <datafield tag="264" ind1=" " ind2="1">
      <subfield code="a">Atlanta, Ga. :</subfield>
      <subfield code="b">Student Council of Emory University,</subfield>
      <subfield code="c">-[1991]</subfield>
    </datafield>
    <datafield tag="264" ind1=" " ind2="4">
      <subfield code="c">&#xA9;1926-</subfield>
    </datafield>
    <datafield tag="300" ind1=" " ind2=" ">
      <subfield code="a">54 volumes :</subfield>
      <subfield code="b">illustrations ;</subfield>
      <subfield code="c">28 cm</subfield>
    </datafield>
    <datafield tag="590" ind1=" " ind2=" ">
      <subfield code="a">
  Emory University does not control copyright for this work. This online edition is made available for individual viewing and reference for educational purposes only, such as personal study, preparation for teaching, and research. Your reproduction, distribution, public display or other re-use of any content beyond a fair use as codified in section 107 of US Copyright Law or other applicable privilege is at your own risk. It is your sole responsibility to investigate the copyright status of a work and obtain permission when needed.
  </subfield>
    </datafield>
    <datafield tag="500" ind1=" " ind2=" ">
      <subfield code="a">
  Some vols. called Emory campus; some issues called Emory University campus.
  </subfield>
    </datafield>
    <datafield tag="500" ind1=" " ind2=" ">
      <subfield code="a">Publisher varies.</subfield>
    </datafield>
    <datafield tag="583" ind1="1" ind2=" ">
      <subfield code="c">2010</subfield>
    </datafield>
    <datafield tag="610" ind1="2" ind2="0">
      <subfield code="a">Emory University</subfield>
    </datafield>
    <datafield tag="650" ind1=" " ind2="0">
      <subfield code="a">College yearbooks</subfield>
      <subfield code="z">Georgia</subfield>
      <subfield code="z">Atlanta.</subfield>
    </datafield>
    <datafield tag="710" ind1="2" ind2=" ">
      <subfield code="a">Emory University.</subfield>
    </datafield>
    <datafield tag="710" ind1="2" ind2=" ">
      <subfield code="a">Emory University Archives.</subfield>
    </datafield>
  </record>