
  <record>
    <controlfield tag="008"> eng</controlfield>
    <controlfield tag="001">990026049520302486</controlfield>
    <datafield tag="245" ind1="0" ind2="4">
      <subfield code="a">The Kinema.</subfield>
    </datafield>
    <datafield tag="264" ind1=" " ind2="1">
      <subfield code="a">[Atlanta, Ga.?] :</subfield>
      <subfield code="b">
  Collegiate, Theological and Academic Departments of Emory University,
  </subfield>
      <subfield code="c">[1916?]</subfield>
    </datafield>
    <datafield tag="300" ind1=" " ind2=" ">
      <subfield code="a">1 volume :</subfield>
      <subfield code="b">illustrations ;</subfield>
      <subfield code="c">29 cm</subfield>
    </datafield>
    <datafield tag="583" ind1=" " ind2=" ">
      <subfield code="c">2010</subfield>
    </datafield>
    <datafield tag="590" ind1=" " ind2=" ">
      <subfield code="a">
  The online edition of this book in the public domain, i.e., not protected by copyright, has been produced by the Emory University Digital Library Publications Program.
  </subfield>
    </datafield>
    <datafield tag="610" ind1="2" ind2="0">
      <subfield code="a">Emory University</subfield>
    </datafield>
    <datafield tag="610" ind1="2" ind2="0">
      <subfield code="a">Emory University</subfield>
    </datafield>
    <datafield tag="650" ind1=" " ind2="0">
      <subfield code="a">College yearbooks</subfield>
      <subfield code="z">Georgia</subfield>
      <subfield code="z">Atlanta.</subfield>
    </datafield>
    <datafield tag="710" ind1="2" ind2=" ">
      <subfield code="a">Emory University.</subfield>
    </datafield>
    <datafield tag="710" ind1="2" ind2=" ">
      <subfield code="a">Emory University Archives.</subfield>
    </datafield>
  </record>
</collection>
